<record><leader>00000cas a22000007a 4500</leader><controlfield tag="001">24103566</controlfield><controlfield tag="008">910719d19311964aruwr ne      0    0eng d</controlfield><datafield ind1=" " ind2=" " tag="010"><subfield code="a">sn 91050113 </subfield></datafield><datafield ind1=" " ind2=" " tag="040"><subfield code="a">ANU</subfield><subfield code="b">eng</subfield><subfield code="c">ANU</subfield><subfield code="d">OCLCQ</subfield><subfield code="d">OCLCF</subfield><subfield code="d">OCLCO</subfield></datafield><datafield ind1="1" ind2=" " tag="029"><subfield code="a">AU@</subfield><subfield code="b">000025858172</subfield></datafield><datafield ind1=" " ind2=" " tag="042"><subfield code="a">msc</subfield></datafield><datafield ind1=" " ind2=" " tag="043"><subfield code="a">n-us-ar</subfield></datafield><datafield ind1="0" ind2=" " tag="130"><subfield code="a">Morrilton headlight (Morrilton, Ark. : 1931)</subfield></datafield><datafield ind1="1" ind2="4" tag="245"><subfield code="a">The Morrilton headlight.</subfield></datafield><datafield ind1=" " ind2=" " tag="260"><subfield code="a">Morrilton, Ark. :</subfield><subfield code="b">C.W. Dodd and Geo. K. Dodd</subfield></datafield><datafield ind1=" " ind2=" " tag="300"><subfield code="a">v.</subfield></datafield><datafield ind1=" " ind2=" " tag="310"><subfield code="a">Weekly</subfield></datafield><datafield ind1="0" ind2=" " tag="362"><subfield code="a">Vol. 44, no. 44 (Mar. 20, 1931)-June 3, 1964.</subfield></datafield><datafield ind1=" " ind2=" " tag="515"><subfield code="a">Numbering is irregular.</subfield></datafield><datafield ind1=" " ind2="0" tag="651"><subfield code="a">Morrilton (Ark.)</subfield><subfield code="v">Newspapers.</subfield></datafield><datafield ind1=" " ind2="7" tag="655"><subfield code="a">Newspapers.</subfield><subfield code="2">fast</subfield><subfield code="0">(OCoLC)fst01423814</subfield></datafield><datafield ind1=" " ind2="7" tag="651"><subfield code="a">Arkansas</subfield><subfield code="z">Morrilton.</subfield><subfield code="2">fast</subfield><subfield code="0">(OCoLC)fst01230973</subfield></datafield><datafield ind1=" " ind2=" " tag="752"><subfield code="a">United States</subfield><subfield code="b">Arkansas</subfield><subfield code="c">Conway</subfield><subfield code="d">Morrilton.</subfield></datafield><datafield ind1="0" ind2="0" tag="780"><subfield code="t">Arkansas unit (Morrilton, Ark. : Weekly)</subfield><subfield code="w">(DLC)sn 91050112</subfield></datafield><datafield ind1="0" ind2="0" tag="785"><subfield code="t">Petit Jean country headlight (Morrilton, Ark. : 1964)</subfield><subfield code="w">(DLC)sn 82016263</subfield></datafield></record>